
@article{barendregt_introduction_1991,
	title = {Introduction to generalized type systems},
	volume = {1},
	number = {2},
	journal = {Journal of Functional Programming},
	author = {Barendregt, Henk},
	year = {1991},
	pages = {125--154}
}

@article{geuvers_modular_1991,
	title = {Modular proof of strong normalization for the calculus of constructions},
	volume = {1},
	number = {2},
	journal = {Journal of Functional Programming},
	author = {Geuvers, Herman and Nederhof, Mark-Jan},
	year = {1991},
	pages = {155--189}
}

@incollection{barendregt_lambda_1992,
	title = {Lambda {Calculi} with {Types}},
	volume = {2},
	booktitle = {Handbook of {Logic} in {Computer} {Science}},
	publisher = {Oxford University Press},
	author = {Barendregt, Henk},
	editor = {Abramsky, Samson and Gabbay, Dov M. and Maibaum, Thomas S. E.},
	year = {1992},
	pages = {117--309},
}

@phdthesis{geuvers_logics_1993,
	title = {Logics and type systems},
	school = {University of Nijmegen},
	author = {Geuvers, Herman},
	year = {1993},
}
