
@book{Hilbert2013,
  title =        {David {H}ilbert's {L}ectures on the {F}oundations of
                  {A}rithmetic and {L}ogic, 1917--1933},
  editor =       {William Ewald and Wilfried Sieg},
  publisher =    {Springer},
  address =      {Berlin and Heidelberg},
  year =         2013
}


@PHDTHESIS{Bernays1918,
  author =       {Paul Bernays},
  year =         1918,
  title =        {Beitr\"age zur axiomatischen {B}ehandlung des
                  {L}ogik-{K}alk\"uls},
  note =         {Bernays Nachla\ss, WHS, ETH Z\"urich Archive, Hs
                  973.192. Edited in \cite{Hilbert2013}, pp.~222--271},
  school =       {Universit\"at G\"ottingen},
  type =         {Habilitationsschrift}
}


@Article{Zach1999,
  author =       {Richard Zach},
  title =        {Completeness before {P}ost: {B}ernays, {H}ilbert,
                  and the development of propositional logic},
  journal =      {Bulletin of Symbolic Logic},
  year =         1999,
  volume =       5,
  number =       3,
  pages =        {331--366}
}

