@article{ConflictResolution,
  author = {Slaney, John and Woltzenlogel Paleo, Bruno},
  title  = {Conflict Resolution: a First-Order Resolution Calculus with Decision Literals and Conflict-Driven Clause Learning},
  journal = {Journal of Automated Reasoning},
  publisher = {Springer},
  issn = {1573-0670},
  keywords = {COREA},
  pages = {1--24},
  doi = {10.1007/s10817-017-9408-6},
  year = {2017}
}

@inproceedings{UniversalityOfProofs,
  author = {Woltzenlogel Paleo, Bruno},
  title = {First-Order Conflict-Driven Clause Learning from a Proof-Theoretical Perspective},
  booktitle = {Dagstuhl seminar on the Universality of Proofs},
  year = {2016}
}

@inproceedings{CADE,
  author = {Itegulov, Daniyar and Slaney, John and Woltzenlogel Paleo, Bruno},
  title  = {Scavenger 0.1: A Theorem Prover Based on Conflict Resolution},
  booktitle = {Automated Deduction - {CADE-26} - 26th International Conference on
               Automated Deduction, Gothenburg, Sweden, August 6-11, 2017, Proceedings},
  year = {2017},
}