@inproceedings{Zhang+Hustadt+Dixon@CADE2009,
 author    = {L. Zhang and U. Hustadt and C. Dixon},
 title     = {A Refined Resolution Calculus for {CTL}},
 pages     = {245--260},
 bibsource = {DBLP, http://dblp.uni-trier.de},
 editor    = {Renate A. Schmidt},
 xbooktitle = {Proceedings of the 22nd International Conference
              on Automated Deduction (CADE-22),
	      Montreal, Canada, August 2-7, 2009},
 booktitle = {CADE-22},	      
 publisher = {Springer},
 series    = {LNCS},
 volume    = {5663},
 year      = {2009},
 xisbn     = {978-3-642-02958-5},
 doi       = {10.1007/978-3-642-02959-2_20},
 xurl      = {http://dx.doi.org/10.1007/978-3-642-02959-2_20}
}

@ARTICLE{Zhang+Hustadt+Dixon@AIC2010,
 AUTHOR  = {Zhang, L. and Hustadt, U. and Dixon, C.},
 TITLE   = {{CTL-RP}: A computation tree logic resolution prover},
 JOURNAL = {AI Communications},
 VOLUME  = {23},
 NUMBER  = {2--3},
 PAGES   = {111-136},
 YEAR    = {2010},
 DOI     = {10.3233/AIC-2010-0463},
 XURL    = {http://iospress.metapress.com/content/x125544601352537/fulltext.pdf}
}

@article{Zhang+Hustadt+Dixon@ToCL2014,
 author    = {L. Zhang and U. Hustadt and C. Dixon},
 title     = {A Resolution Calculus for Branching-Time Temporal Logic {CTL}},
 journal   = {ACM Transactions on Computational Logic},
 year      = {2014},
 xmonth    = feb,
 volume    = {15},
 number    = {1},
 pages     = {10:1-38},
 doi       = {10.1145/2529993},
 xurl      = {https://doi.org/10.1145/2529993},
 xurl      = {http://cgi.csc.liv.ac.uk/~ullrich/publications/Zhang+Hustadt+Dixon@ToCL2014.pdf}
}

@article{BF99:jetai,
	author	    =	"A. Bolotov and M. Fisher",
	title	    =	"{A Clausal Resolution Method for CTL Branching Time
		  Temporal  Logic}",
	year	    =	"1999",
        journal     =   "Journal of Experimental and Theoretical Artificial Intelligence",
        publisher   =   "Taylor and Francis",
	volume      =   11,
	pages       =   "77--93"
}

@phdthesis{Bol00,
	author	    =	"A.~Bolotov",
	title	    =	"{C}lausal {R}esolution for {B}ranching-{T}ime
		  {T}emporal {L}ogic", 
	school	    =	"Department of Computing and Mathematics, Manchester Metropolitan University",
	year	    =	"2000"
}

