@article{Hilbert1923,
  author = {David Hilbert},
  title = {Die logischen Grundlagen der Mathematik},
  journal = {Mathematische Annalen},
  year = {1923},
  volume = {88},
  pages = {151--165},
}

@article{Ackermann1924,
  author = {Wilhelm Ackermann},
  title = {Begr\"undung des ``tertium non datur'' mittels der Hilbertschen Theorie der Widerspruchsfreiheit},
  journal = {Mathematische Annalen},
  year = {1924},
  volume = {93},
  pages = {1--36},
}

@article{AvigadZach13,
  author    = {Jeremy Avigad and Richard Zach},
  title     = {The Epsilon Calculus},
  journal   = {Stanford Encyclopedia of Philosophy},
  year      = {2013},
  month     = {nov},
  url       = {https://plato.stanford.edu/entries/epsilon-calculus/},
}

@book{HilbertBernays1939,
  author = {David Hilbert and Paul Bernays},
  title = {Grundlagen der Mathematik},
  edition = {vol.~2},
  publisher = {Springer, Berlin},
  year = {1939},
}

@article{MoserZach06,
  author    = {Georg Moser and
               Richard Zach},
  title     = {The Epsilon Calculus and Herbrand Complexity},
  journal   = {Studia Logica},
  volume    = {82},
  number    = {1},
  pages     = {133--155},
  year      = {2006},
  url       = {https://doi.org/10.1007/s11225-006-6610-7},
  doi       = {10.1007/s11225-006-6610-7},
  timestamp = {Sat, 20 May 2017 00:23:56 +0200},
  biburl    = {http://dblp.uni-trier.de/rec/bib/journals/sLogica/MoserZ06},
  bibsource = {dblp computer science bibliography, http://dblp.org}
}
