@book{AspLongo:91,
  author = {Andrea Asperti and Giuseppe Longo},
  year   = {1991},
  title  = {Categories, Types and Structures},
  address = {Cambridge, Mass., London, England},
  publisher = {The MIT Press}
}

@Article{Gir:71,
  author  = {J.-Y. Girard},
  title   = {Une extension de l'interpr{\'{e}}tation fonctionelle de G{\"{o}}del \`{a} l'analyse et son application {\`{a}} l'{\'{e}}limination des coupures dans et la th\'{e}orie des types},
  journal = {Proc. 2nd Scandinavian Logic Symposium. {\rm \mbox{North-Holland}}},
  year    = {1971},
}

@PhdThesis{Gir:72,
  author =  "J.-Y. Girard",
  title =   "Interpr\'{e}tation fonctionelle et \'{e}limination
                 des coupures de l'arithm\'{e}tique d'ordre
sup\'{e}rieur",
  school =  "Universit\'{e} Paris VII",
  year =    "1972",
  OPTaddress =  "",
  OPTmonth =    "",
  OPTnote =     ""
}

@article{Rey:74,
  author =  "J.C. Reynolds",
  title =   "Towards a Theory of Type Structure",
  journal =     "LNCS",
  year =    "1974",
  volume =  "19",
  OPTnumber =   "",
  OPTpages =    "",
  OPTmonth =    "",
  OPTnote =     ""
}

@article{CMMS:91,
  author =  "L. Cardelli and S. Martini and J.C. Mitchell and A. Scedrov",
  title =   "An Extension of System F with Subtyping",
  journal =     "Lecture Notes in Computer Science",
  year =    "1991",
  volume =  "526",
  OPTnumber =   "",
  OPTpages =    "",
  OPTmonth =    "",
  OPTnote =     ""
}

@article{Bar:91,
author = "H.P.Barendregt",
title = "Introduction to generalized type systems",
journal = "J. of Functional Programming",
year = "1991",
volume = "2",
OPTnumber = "1",
OPTpages =    "121-154",
  OPTmonth =    "April",
  OPTnote =     ""
}

@article{LMS:93,
  author =  "G. Longo and K. Milsted and S. Soloviev",
  title =   "The Genericity Theorem and the Notion of Parametricity in the Polymorphic
$\lambda$-calculus",
  journal =     "Theoretical Computer Science",
  year =    "1993",
  volume =  "121",
  OPTnumber =   "",
  OPTpages =    "323-349",
  OPTmonth =    "",
  OPTnote =     ""
}

@article{LMS:00,
  author =  "G. Longo and K. Milsted and S. Soloviev",
  title =   "Coherence and Transitivity of Subtyping as Entailment",
  journal =     "Journal of Logic and Computation",
  year =    "2000",
  volume =  "10",
  OPTnumber =   "4",
  OPTpages =    "493-527",
  OPTmonth =    "August",
  OPTnote =     ""
}
