@article{DBLP:journals/tocl/DegtyarevFK06,
  author    = {A. Degtyarev and
               M. Fisher and
               B. Konev},
  title     = {Monodic temporal resolution},
  journal   = {{ACM} Trans. Comput. Log.},
  volume    = {7},
  number    = {1},
  pages     = {108--150},
  year      = {2006},
  doi       = {10.1145/1119439.1119443},
}

@inproceedings{DBLP:conf/cade/HustadtKRV04,
  author    = {U. Hustadt and
               B. Konev and
               A. Riazanov and
               A. Voronkov},
  title     = {TeMP: {A} Temporal Monodic Prover},
  xbooktitle = {Proc. Second International Joint Conference on Automated Reasoning},
  booktitle = {IJCAR 2004},
  xeditor    = {D. A. Basin and M. Rusinowitch},
  pages     = {326--330},
  year      = {2004},
  series    = {LNCS},
  volume    = {3097},
  publisher = {Springer},
  doi       = {10.1007/978-3-540-25984-8_23},
}

@article{KDDFH05,
  author    = "B.~Konev and A.~Degtyarev and C.~Dixon and M.~Fisher and U.~Hustadt",
  title     = "{Mechanising First-Order Temporal Resolution}",
  journal   = "Information and Computation",
  publisher = "Elsevier Science",
  year      = "2005",
  volume    = "199",
  number    = "1-2",
  pages     = "55-86",
  xdoi      = {10.1016/j.ic.2004.10.005},
}

@inproceedings{Ludwig+Hustadt@CADE2009,
  author    = {M. Ludwig and U. Hustadt},
  title     = {Fair Derivations in Monodic Temporal Reasoning},
  year      = {2009},
  pages     = {261-276},
  editor    = {R. A. Schmidt},
  booktitle = {CADE-22},
  publisher = {Springer},
  series    = {LNCS},
  volume    = {5663},
  year      = {2009},
  isbn      = {978-3-642-02958-5},
  bibsource = {DBLP, http://dblp.uni-trier.de},
  url       = {http://dx.doi.org/10.1007/978-3-642-02959-2_21}
}

@ARTICLE{Ludwig+Hustadt@AIC2010,
  AUTHOR  = {Ludwig, M. and Hustadt, U.},
  TITLE   = {Implementing a fair monodic temporal logic prover},
  JOURNAL = {AI Communications},
  VOLUME  = {23},
  NUMBER  = {2--3},
  PAGES   = {69-96},
  YEAR    = {2010},
  URL     = {http://iospress.metapress.com/content/h7262n0780p40027/fulltext.pdf},
}

@inproceedings{Konev+Degtyarev+Fisher@LPAR2003,
  author    = {B. Konev and
               A. Degtyarev and
               M. Fisher},
  title     = {Handling Equality in Monodic Temporal Resolution},
  booktitle = {LPAR 2003},
  xeditor    = {Vardi, M. and Voronkov, A.},
  year      = {2003},
  series    = {LNCS},
  publisher = {Springer},
  volume    = {2850},
  pages     = {214-228},
  xdoi       = {10.1007/978-3-540-39813-4_15},
}

@INPROCEEDINGS{Degtyarev+Fisher+Konev@CADE2003,
  AUTHOR    = {Degtyarev, A. and Fisher, M. and Konev, B.},
  TITLE     = {Monodic temporal resolution},
  YEAR      = {2003},
  BOOKTITLE = {CADE-19},
  PUBLISHER = {Springer},
  SERIES    = {LNAI},
  VOLUME    = {2741},
  PAGES     = {397--411},
  xeditor    = {F. Baader},
  doi       = {10.1007/978-3-540-45085-6_35},
}
