@book{Frege2013,
  author = {Gottlob Frege},
  title = {Basic Laws Laws of Arithmetic. \textup{Volume I \& II. Trans.\ and ed.\ by Philip A.\ Ebert and Marcus Rossberg.}},
  year = {2013},
  address = {Oxford},
  publisher = {Oxford University Press}
}

@book{Frege1893,
  author = {Gottlob Frege},
  title = {Grundgesetze der Arithmetik. Begriffsschriftlich abgeleitet},
  year = {1893},
  address = {Jena},
  publisher = {Pohle}
}

@book{Frege1879,
  author = {Gottlob Frege},
  title = {Begriffsschrift. Eine der arithmetischen nachgebildete Formelsprache des reinen Denkens},
  year = {1879},
  address = {Halle a.\,d.\ Saale},
  publisher = {Nebert}
}

@book{Heck2012,
  author = {Richard G. {Heck, Jr}},
  title = {Reading Frege's \emph{Grundgesetze}},
  year = {2012},
  address = {Oxford},
  publisher = {Clarendon Press}
 }

@article{Boolos1985,
  author = {George Boolos},
  title = {Reading the \emph{Begriffsschrift}},
  journal = {Mind},
  year = {1985},
  volume = {94},
  pages = {331--344},
 }
