@Book{HilbertAckermann1928,
  author =       {David Hilbert and Wilhelm Ackermann},
  year =         1928,
  title =        {Grundz{\"uge} der theoretischen {L}ogik},
  publisher =    {Springer},
  address =      {Berlin}
}

@Article{Godel1930,
  author =       {Kurt G{\"o}del},
  title =        {Die {V}ollst\"andigkeit der {A}xiome des logischen
                  {F}unktionenkalk\"uls},
  journal =      {Monatshefte f\"ur Mathematik und Physik},
  year =         1930,
  volume =       37,
  pages =        {349--360}
}
