@inbook{Hilbert1917,
  author = {David Hilbert},
  title = {Prinzipien der Mathematik},
  pages = {59--221},
  crossref = {Hilbert2013}
}

@book{Hilbert2013,
  title =        {David {H}ilbert's {L}ectures on the {F}oundations of
                  {A}rithmetic and {L}ogic, 1917--1933},
  editor =       {William Ewald and Wilfried Sieg},
  publisher =    {Springer},
  address =      {Berlin and Heidelberg},
  year =         2013
}


@ARTICLE{Sieg1999,
  author =       {Wilfried Sieg},
  title =        {Hilbert's Programs: 1917--1922},
  year =         {1999},
  volume =       {5},
  number =       {1},
  pages =        {1--44},
  journal =      {Bulletin of Symbolic Logic}
}


