@inproceedings{Brauner01c,
   author = {T. Bra\"{u}ner},
   title = {Natural Deduction for Hybrid Logic (Extended Abstract)},
   year = {2001},
   booktitle = {Workshop Proceedings of Methods for Modalities 2},
   editor = {C. Areces and M. de Rijke},
   publisher = {ILLC Amsterdam}
}

@article{Brauner01b,
   author = {T. Bra\"{u}ner},
   title = {Natural Deduction for Hybrid Logic},
   year = {2004},
   journal = {Journal of Logic and Computation},
   volume = {14},
   pages = {329--353}
}

@book{Brauner11a,
     author = {T. Bra\"{u}ner},
     title = {Hybrid Logic and its Proof-Theory},
     year = {2011},
     series = {Applied Logic Series},
     publisher = {Springer},
     volume = {37}
}
