@inproceedings{braunerdepaiva2003,
  title={Towards constructive hybrid logic},
  author={Bra{\"u}ner, Torben and de Paiva, Valeria},
  booktitle={In Elec. Proc. of Methods for Modalities 3},
  year={2003},
  organization={Citeseer}
}


@article{braunerdepaiva2006,
  title={Intuitionistic hybrid logic},
  author={Bra{\"u}ner, Torben and de Paiva, Valeria},
  journal={Journal of Applied Logic},
  volume={4},
  number={3},
  pages={231--255},
  year={2006},
  publisher={Elsevier}
}
@article{brauner2006,
  title={Axioms for classical, intuitionistic, and paraconsistent hybrid logic},
  author={Bra{\"u}ner, Torben},
  journal={Journal of Logic, Language and Information},
  volume={15},
  number={3},
  pages={179--194},
  year={2006},
  publisher={Springer}
}

@article{brauner2011,
  author    = {Torben Bra{\"{u}}ner},
  title     = {Intuitionistic hybrid logic: Introduction and survey},
  journal   = {Inf. Comput.},
  volume    = {209},
  number    = {12},
  pages     = {1437--1446},
  year      = {2011},
  doi       = {10.1016/j.ic.2011.10.001},
  timestamp = {Thu, 18 May 2017 09:54:22 +0200},
  biburl    = {http://dblp.uni-trier.de/rec/bib/journals/iandc/Brauner11},
  bibsource = {dblp computer science bibliography, http://dblp.org}
}


@article{simpson1994,
  title={The proof theory and semantics of intuitionistic modal logic},
  author={Simpson, Alex K},
  year={1994},
  publisher={University of Edinburgh. College of Science and Engineering. School of Informatics.}
}

