@ARTICLE{lambek1958,
    author  = {Joachim Lambek},
    title   = {The mathematics of sentence structure},
    journal = {American Mathematical Monthly},
    year    = {1958},
    pages   = {154--170}
}       

@Inbook{lambek1988,
  author    = "Lambek, J.",
  editor    = "Oehrle, Richard T. and Bach, Emmon and Wheeler, Deirdre",
  chapter   = "Categorial and Categorical Grammars",
  title     = "Categorial Grammars and Natural Language Structures",
  year      = "1988",
  publisher = "Springer Netherlands",
  pages     = "297--317",
  isbn      = "978-94-015-6878-4",
  doi       = "10.1007/978-94-015-6878-4_11",
}

@Inbook{lambek1961,
  author    = {J. Lambek},
  editor    = {R. Jacobson},
  chapter   = {{On the Calculus of Syntactic Types}},
  title     = {Structure of Language and its Mathematical Aspects, Proceedings of the Symposia in Applied Mathematics (Volume XII)},
  year      = {1961},
  publisher = {American Mathematical Society},
  pages     = {166--178},
}

@InCollection{moortgat2010,
  author       = {Moortgat, Michael},
  title        = {Typelogical Grammar},
  booktitle    = {The Stanford Encyclopedia of Philosophy},
  editor       = {Edward N. Zalta},
  howpublished = {\url{http://plato.stanford.edu/archives/spr2014/entries/typelogical-grammar/}},
  year         = {2014},
  edition      = {Spring 2014},
}
