@article{mgabbay:lambdacut,
  author  = {Michael Gabbay},
  title   = {A proof-theoretic treatment of $\lambda$-reduction with cut-elimination: $\lambda$-calculus as a logic programming language},
  journal = {Journal of Symbolic Logic},
  volume  = {76},
  number  = {2},
  year    = {2011},
  pages   = {673-699},
}

@inproceedings{gabbay:simcks,
  title     = {{A simple class of Kripke-style models in which logic and computation have equal standing}},
  author    = {Michael J. Gabbay and Murdoch J. Gabbay},
  booktitle = {International Conference on Logic for Programming Artificial Intelligence and Reasoning ({LPAR})},
  year      = {2010},
  pages     = {231-254},
  series    = "Lecture Notes in Computer Science",
  volume    = "6355",
  publisher = {Springer},
  doi       = {http://dx.doi.org/10.1007/978-3-642-17511-4_14},
}

@article{Gabbay2016,
  title   = "Representation and duality of the untyped $\lambda$-calculus in nominal 
             lattice and topological semantics, with a proof of topological completeness ",
  journal = "Annals of Pure and Applied Logic ",
  year    = "2016",
  doi     = "http://dx.doi.org/10.1016/j.apal.2016.10.001",
  author  = "Murdoch J. Gabbay and Michael Gabbay",
}

@article{gabbay:simcmt,
  title   = {A Simple and Complete Model Theory for Intensional and Extensional Untyped Lambda-Equality},
  author  = {Michael J. Gabbay and Murdoch J. Gabbay},
  volume  = {1}, 
  number  = {2}, 
  year    = {2014}, 
  journal = {IFCoLog Journal of Logic and its Applications},
}
