@inproceedings{pequeno1991,
  author    = {Tarc\'isio Pequeno and Arthur Buchsbaum},
  title     = {The Logic of Epistemic Inconsistency},
  booktitle = {2nd International Conference on the Principles of Knowledge Representation and Reasoning},
  pages     = {453--60},
  year      = {1991},
}

@article{martins1993,
  title   = {Proof-theoretical considerations about the Logic of Epistemic Inconsistency},
  author  = {Ana Teresa Martins and Tarc\'isio Pequeno},
  journal = {Logique et Analise},
  volume  = {143-4},
  pages   = {245--260},
  year    = {1993},
}

@PhDThesis{martins1997,
  author = {Ana Teresa Martins},
  title  = {A Syntactical and Semantical Uniform Treatment for the IDL \& LEI Nonmonotonic System},
  school = {Departamento de Inform\'atica, Universidade Federal de Pernambuco},
  type   = {{Ph.D.} thesis},
  year   = 1997
}

@incollection{martins2007,
  Author    = {Martins, Ana Teresa and Martins, Lilia Ramalho and Morais, Felipe Ferreira},
  Booktitle = {Handbook of Paraconsistency: Studies in Logic and Cognitive Systems},
  Editor    = {B\'eziau, J.-Y. and Carnielli, W. A and Gabbay, D.},
  Pages     = {355-382},
  Publisher = {Elsevier/North-Holland},
  Title     = {Natural Deduction and Weak Normalization for the Paraconsistent Logic of Epistemic Inconsistency},
  Volume    = {9},
  Year      = {2007}
}
