@InProceedings{dyckhoff06cie,
  author =       "R. Dyckhoff and S. Lengrand",
  title =        "{LJQ}: a strongly focused calculus for intuitionistic
                 logic",
  booktitle =    "Computability in Europe 2006",
  pages =        "173--185",
  year =         "2006",
  editor =       "A. Beckmann \emph{et al.}",
  volume =       "3988",
  publisher =    "Springer",
}

@PhdThesis{herbelin95phd,
  author =       "Hugo Herbelin",
  title =        "{S}\'equents qu'on calcule: de l'interpr\'etation du
                 calcul des s\'equents comme calcul de lambda-termes et
                 comme calcul de strat\'egies gagnantes",
  school =       "Universit\'e Paris 7",
  year =         "1995",
}

@PhdThesis{howe98phd,
  title =        "Proof {S}earch {I}ssues in {S}ome {N}on-{C}lassical
                 {L}ogics",
  author =       "J. M. Howe",
  note =         "Available as University of St Andrews Research Report
                 CS/99/1",
  year =         "1998",
  school =       "University of St Andrews",
}

@InProceedings{jagadeesan05fsttcs,
  author =       "Radha Jagadeesan and Gopalan Nadathur and Vijay
                 Saraswat",
  title =        "Testing concurrent systems: An interpretation of
                 intuitionistic logic",
  editors =      "R. Ramanujam and S. Sen",
  booktitle =    "FSTTCS05",
  address =      "Hyderabad, India",
  year =         "2005",
  publisher =    "Springer",
  series =       "LNCS",
  volume =       "3821",
  pages =        "517--528",
}

@InProceedings{liang07csl,
  author =       "Chuck Liang and Dale Miller",
  title =        "Focusing and Polarization in Intuitionistic Logic",
  booktitle =    "CSL 2007: Computer Science Logic",
  editor =       "J. Duparc and T. A. Henzinger",
  volume =       "4646",
  series =       "LNCS",
  publisher =    "Springer",
  pages =        "451--465",
  year =         "2007",
%  URL =          "http://www.lix.polytechnique.fr/Labo/Dale.Miller/papers/csl07liang.pdf",
}

@Article{liang09tcs,
  author =       "Chuck Liang and Dale Miller",
  title =        "Focusing and Polarization in Linear, Intuitionistic,
                 and Classical Logics",
  year =         "2009",
  journal =      "Theoretical Computer Science",
  publisher =    "Elsevier",
  volume =       "410",
  number =       "46",
  pages =        "4747--4768",
%  doi =          "10.1016/j.tcs.2009.07.041",
}
