@article{Reis2016,
  author   = {Reis, Giselle and Woltzenlogel Paleo, Bruno},
  title    = {Epsilon Terms in Intuitionistic Sequent Calculus},
  journal  = {The International Federation of Computational Logic (IFCoLog) Journal of Logic and its Applications},
  volume   = {4},
  issue    = {2},
  month    = {March},
  year     = {2017},
  pages    = {401--423},
  issn     = {2055-3714}
}
