@Article{ll,
  author  = {Jean-Yves Girard},
  title   = {Linear logic},
  journal = {Theoretical Computer Science},
  year    = {1987},
  volume  = {50},
  pages   = {1--102}
}

@Article{Lincoln1992,
  author        = {Lincoln, Patrick and Mitchell, John and Scedrov, Andre and Shankar, Natarajan},
  title         = {Decision problems for propositional linear logic},
  journal       = {Annals of pure and applied logic},
  year          = {1992},
  volume        = {56},
  number        = {1-3},
  pages         = {239--311},
  publisher     = {Elsevier},
}

