@inproceedings{Fis90-resolve,
	author	    =	"M.~Fisher",
	title	    =	"{A} {R}esolution {M}ethod for {T}emporal {L}ogic",
	booktitle   =	"Proc. Twelfth International Joint Conference on Artificial Intelligence",
	publisher   =	"Morgan Kaufman",
	Xaddress	    =	"Sydney, Australia",
	year	    =	"1991",
	pages       =   "99--104"
}

@article{FDP01,
	author	    =	"M. Fisher and C. Dixon and M. Peim",
	title	    =	"{Clausal Temporal Resolution}",
	year	    =	"2001",
        journal	    =	"ACM Transactions on Computational Logic",		  
        volume      =   "2",
	number      =   "1",
        pages       =   "12-56"
}

@INPROCEEDINGS{HustadtKonev2003a,
 AUTHOR        = {Hustadt, U. and Konev, Boris},
 YEAR          = {2003},
 TITLE         = "{TRP{+}{+} 2.0:  A temporal resolution prover}",
 XEDITOR       = {Baader, F.},
 BOOKTITLE     = {Automated Deduction---CADE-19},
 SERIES        = {Lecture Notes in Artificial Intelligence},
 VOLUME        = {2741},
 PUBLISHER     = {Springer},
 PAGES         = {274--278}
}

@InProceedings{DFK02,
  author =       "Anatoli Degtyarev and Michael Fisher and Boris Konev",
  title =        "A Simplified Clausal Resolution Procedure for
                 Propositional Linear-Time Temporal Logic",
  Xeditor =       "Uwe Egly and Christian G. Ferm{\"u}ller",
  booktitle =    "Proc. Automated Reasoning with Analytic Tableaux and Related Methods",
  year =         "2002",
  series =       "Lecture Notes in Computer Science",
  volume =       "2381",
  publisher =    "Springer",
  XISBN =         "3-540-43929-3",
  XISSN =         "0302-9743",
  pages =        "85--99"
}
@article{DBLP:journals/tocl/DegtyarevFK06,
  author    = {Anatoli Degtyarev and
               Michael Fisher and
               Boris Konev},
  title     = {Monodic temporal resolution},
  journal   = {{ACM} Trans. Comput. Log.},
  volume    = {7},
  number    = {1},
  pages     = {108--150},
  year      = {2006},
}
@inproceedings{DBLP:conf/cade/HustadtKRV04,
  author    = {Ullrich Hustadt and
               Boris Konev and
               Alexandre Riazanov and
               Andrei Voronkov},
  title     = {TeMP: {A} Temporal Monodic Prover},
  booktitle = {Proc. Second International Joint Conference on Automated Reasoning},
  pages     = {326--330},
  year      = {2004},
  series    = {Lecture Notes in Computer Science},
  volume    = {3097},
  publisher = {Springer},
}
