@article{StudiaLogica,
  author    = {Annika Kanckos and
               Bruno Woltzenlogel Paleo},
  title     = {Variants of G{\"{o}}del's Ontological Proof in a Natural Deduction
               Calculus},
  journal   = {Studia Logica},
  volume    = {105},
  number    = {3},
  pages     = {553--586},
  year      = {2017},
  _url       = {https://doi.org/10.1007/s11225-016-9700-1},
  doi       = {10.1007/s11225-016-9700-1},
  timestamp = {Fri, 19 May 2017 14:35:22 +0200},
  biburl    = {http://dblp.uni-trier.de/rec/bib/journals/sLogica/KanckosP17},
  bibsource = {dblp computer science bibliography, http://dblp.org}
}

@inproceedings{CSR,
  author    = {Christoph Benzm{\"{u}}ller and
               Bruno Woltzenlogel Paleo},
  title     = {Interacting with Modal Logics in the Coq Proof Assistant},
  booktitle = {Computer Science - Theory and Applications - 10th International Computer
               Science Symposium in Russia, {CSR} 2015, Listvyanka, Russia, July
               13-17, 2015, Proceedings},
  pages     = {398--411},
  year      = {2015},
  crossref  = {DBLP:conf/csr/2015},
  _url       = {https://doi.org/10.1007/978-3-319-20297-6_25},
  doi       = {10.1007/978-3-319-20297-6_25},
  timestamp = {Thu, 15 Jun 2017 21:43:24 +0200},
  biburl    = {http://dblp.uni-trier.de/rec/bib/conf/csr/BenzmullerP15},
  bibsource = {dblp computer science bibliography, http://dblp.org}
}

@proceedings{DBLP:conf/csr/2015,
  editor    = {Lev D. Beklemishev and
               Daniil V. Musatov},
  title     = {Computer Science - Theory and Applications - 10th International Computer
               Science Symposium in Russia, {CSR} 2015, Listvyanka, Russia, July
               13-17, 2015, Proceedings},
  series    = {Lecture Notes in Computer Science},
  volume    = {9139},
  publisher = {Springer},
  year      = {2015},
  _url       = {https://doi.org/10.1007/978-3-319-20297-6},
  doi       = {10.1007/978-3-319-20297-6},
  isbn      = {978-3-319-20296-9},
  timestamp = {Thu, 15 Jun 2017 21:43:24 +0200},
  biburl    = {http://dblp.uni-trier.de/rec/bib/conf/csr/2015},
  bibsource = {dblp computer science bibliography, http://dblp.org}
}
