%% This BibTeX bibliography file was created using BibDesk.
%% http://bibdesk.sourceforge.net/

%% Created for Giuseppe Greco at 2017-08-05 15:14:18 +0200 


%% Saved with string encoding Unicode (UTF-8) 



@article{KurzPalmigiano2013,
	Author = {Alexander Kurz and Alessandra Palmigiano},
	Date-Added = {2017-08-05 13:06:26 +0000},
	Date-Modified = {2017-08-05 13:11:30 +0000},
	Journal = {Logical Methods in Computer Science},
	Title = {Epistemic Updates on Algebras},
	Year = {2013}}

@article{SabineGrecoKurzPalmigianoSikimic2016a,
	Author = {Sabine Frittella and Giuseppe Greco and Alexander Kurz and Alessandra Palmigiano and Vlasta Sikimi\'{c}},
	Date-Added = {2017-08-05 13:05:45 +0000},
	Date-Modified = {2017-08-05 13:09:45 +0000},
	Journal = {Journal of Logic and Computation},
	Number = {6},
	Pages = {1961-2015},
	Title = {A Proof-Theoretic Semantic Analysis of Dynamic Epistemic Logic},
	Volume = {26},
	Year = {2016}}

@techreport{BaltagMossSolecki1999,
	Author = {Alexandru Baltag and Lawrence S. Moss and Slawomir Solecki},
	Date-Added = {2017-08-05 13:05:20 +0000},
	Date-Modified = {2017-08-05 13:14:01 +0000},
	Institution = {CWI, Amsterdam},
	Number = {SEN-R9922},
	Title = {The Logic of Public Announcements, Common Knowledge and Private Suspicious},
	Year = 1999}

@article{FrittellaGrecoKurzPalmigianoSikimic2016,
	Author = {Sabine Frittella and Giuseppe Greco and Alexander Kurz and Alessandra Palmigiano and Vlasta Sikimi\'{c}},
	Date-Added = {2017-08-05 13:04:45 +0000},
	Date-Modified = {2017-08-05 13:08:33 +0000},
	Journal = {Journal of Logic and Computation},
	Number = {6},
	Pages = {2017--2065},
	Title = {A Multi-type Display Calculus for Dynamic Epistemic Logic},
	Volume = {26},
	Year = {2016}}

@inproceedings{GrecoKurzPalmigiano2013,
	Author = {Giuseppe Greco and Alexander Kurz and Alessandra Palmigiano},
	Booktitle = {Proceedings of the 4th International Workshop on Logic, Rationality and Interaction (LORI-4)},
	Date-Added = {2017-08-05 13:04:33 +0000},
	Date-Modified = {2017-08-05 13:12:35 +0000},
	Editor = {Huaxin Huang and Davide Grossi and Olivier Roy},
	Series = {LNCS},
	Title = {Dynamic Epistemic Logic Displayed},
	Volume = {8196},
	Year = {2013}}

@article{GrecoMaPalmigianoTzimoulisZhao2016,
	Author = {Giuseppe Greco and Minghui Ma and Alessandra Palmigiano and Apostolos Tzimoulis and Zhiguang Zhao},
	Date-Added = {2017-07-30 16:33:55 +0000},
	Date-Modified = {2017-07-31 19:15:49 +0000},
	Journal = {Journal of Logic and Computation},
	Title = {Unified Correspondence as a Proof-Theoretic Tool},
	Year = {2016}}
