%% This BibTeX bibliography file was created using BibDesk.
%% http://bibdesk.sourceforge.net/

%% Created for Giuseppe Greco at 2017-08-01 22:36:28 +0200 


%% Saved with string encoding Unicode (UTF-8) 



@article{AbramskyVaanaanen2009,
	Author = {Samsom Abramsky and Jouko V\"{a}\"{a}n\"{a}nen},
	Date-Added = {2017-08-01 20:06:28 +0000},
	Date-Modified = {2017-08-01 20:06:52 +0000},
	Journal = {Synthese},
	Number = {2},
	Pages = {207-230},
	Title = {From {IF} to {BI}},
	Volume = {167},
	Year = {2009}}

@phdthesis{Yang2014,
	Author = {Fan Yang},
	Date-Added = {2017-08-01 20:05:23 +0000},
	Date-Modified = {2017-08-01 20:05:43 +0000},
	School = {University of Helsinki},
	Title = {On Extensions and Variants of Dependence Logic},
	Year = {2014}}

@incollection{FrittellaGrecoPalmigianoYang2016,
	Author = {Frittella, Sabine and Greco, Giuseppe and Palmigiano, Alessandra and Yang, Fan},
	Booktitle = {WoLLIC 2016, Proceedings LNCS 9803},
	Date-Added = {2017-08-01 14:44:57 +0000},
	Date-Modified = {2017-08-01 14:45:51 +0000},
	Editor = {V{\"a}{\"a}n{\"a}nen, Jouko and Hirvonen, {\AA}sa and de Queiroz, Ruy},
	Pages = {215--233},
	Publisher = {Springer},
	Title = {A Multi-type Calculus for Inquisitive Logic},
	Year = {2016. ArXiv preprint 1604.00936}}

@book{Vaananen2007,
	Author = {Jouko V{\"a}{\"a}n{\"a}nen},
	Date-Added = {2017-08-01 14:42:51 +0000},
	Date-Modified = {2017-08-01 14:46:32 +0000},
	Publisher = {Cambridge: Cambridge University Press},
	Title = {Dependence Logic: A New Approach to Independence Friendly Logic},
	Year = {2007}}

@incollection{Hodges1997b,
	Author = {W. Hodges},
	Booktitle = {Structures in Logic and Computer Science: A Selection of Essays in Honor of A. Ehrenfeucht},
	Date-Added = {2017-08-01 14:42:27 +0000},
	Date-Modified = {2017-08-01 14:47:29 +0000},
	Editor = {J. Mycielski and G. Rozenberg and A. Salomaa},
	Pages = {51-65},
	Publisher = {London: Springer},
	Rating = {0},
	Read = {1},
	Series = {Lecture Notes in Computer Science},
	Title = {Some Strange Quantifiers},
	Volume = {1261},
	Year = {1997}}

@article{Hodges1997a,
	Author = {Wilfrid Hodges},
	Date-Added = {2017-08-01 14:42:11 +0000},
	Date-Modified = {2017-08-01 20:28:06 +0000},
	Journal = {Logic Journal of the IGPL},
	Pages = {539-563},
	Read = {1},
	Title = {Compositional Semantics for a Language of Imperfect Information},
	Volume = {5},
	Year = {1997}}

@article{CiardelliRoelofsen2011,
	Author = {Ivano Ciardelli and Floris Roelofsen},
	Date-Added = {2017-08-01 14:41:49 +0000},
	Date-Modified = {2017-08-01 14:46:54 +0000},
	Journal = {Journal of Philosophical Logic},
	Number = {1},
	Pages = {55-94},
	Title = {Inquisitive Logic},
	Volume = {40},
	Year = {2011}}

@incollection{GroenendijkRoelofsen2009,
	Author = {Jeroen Groenendijk and Floris Roelofsen},
	Booktitle = {Meaning, Content, and Argument: Proceedings of the {ILCLI} International Workshop on Semantics, Pragmatics, and Rhetoric},
	Date-Added = {2017-08-01 14:40:44 +0000},
	Date-Modified = {2017-08-01 20:25:10 +0000},
	Editor = {Jesus M. Larrazabal and Larraitz Zubeldia},
	Month = {May},
	Pages = {41-72},
	Publisher = {University of the Basque Country Publication Service},
	Title = {Inquisitive Semantics and Pragmatics},
	Year = {2009}}
