@inproceedings{GrecoPalmigiano2017,
  Author    = {Greco, Giuseppe and Palmigiano, Alessandra},
  Booktitle = {Logic, Language, Information and Computation, 24th Workshop, WoLLIC. Proceedings.},
  Editor    = {Juliette Kennedy, Ruy J.G.B. de Queiroz},
  Journal   = {LNCS},
  Pages     = {153--169},
  Title     = {Lattice logic properly displayed},
  Volume    = {10388},
  Year      = {2017}
}

@article{Belnap1990,
  Author  = {Nuel Belnap},
  Journal = {Notre Dame J of Formal Logic},
  Number  = {1},
  Pages   = {14-25},
  Title   = {Linear Logic Displayed},
  Volume  = {31},
  Year    = {1990}
}
