%% This BibTeX bibliography file was created using BibDesk.
%% http://bibdesk.sourceforge.net/

%% Created for Fey at 2017-08-05 17:43:49 +0200 


%% Saved with string encoding Unicode (UTF-8) 



@article{ma2016sequent,
	Author = {Ma, Minghui and Liang, Fei},
	Date-Modified = {2017-08-05 15:40:51 +0000},
	Journal = {ArXiv preprint :1611.05231},
	Title = {Sequent Calculi for Semi-{D}e {M}organ and {D}e {M}organ Algebras},
	Year = {Submitted}}

@article{sankappanavar1987semi,
	Author = {Hanamantagouda P., Sankappanavar,},
	Journal = {The Journal of symbolic logic},
	Number = {03},
	Pages = {712--724},
	Publisher = {Cambridge Univ Press},
	Title = {Semi-{D}e {M}organ algebras},
	Volume = {52},
	Year = {1987}}

@article{greco2016unified,
	Author = {Giuseppe Greco and Minghui Ma and Alessandra Palmigiano and Apostolos Tzimoulis and Zhiguang Zhao},
	Date-Added = {2015-02-26 09:40:46 +0000},
	Date-Modified = {2017-08-05 15:40:13 +0000},
	Journal = {Journal of Logic and Computation},
	Title = {Unified Correspondence as a Proof-Theoretic Tool},
	Year = {2016}}

@inproceedings{greco2017multi,
	Author = {Greco, Giuseppe and Liang, Fei and Moshier, M Andrew and Palmigiano, Alessandra},
	Booktitle = {International Workshop on Logic, Language, Information, and Computation},
	Organization = {Springer},
	Pages = {199--215},
	Title = {Multi-type display calculus for semi De Morgan logic},
	Year = {2017}}
