@article{dod:mar:ENTCS2013,
	Author = {Dod{\'o}, Adriano and Marcos, Jo{\~a}o},
	Journal = {Electronic Notes in Theoretical Computer Science},
	Month = jan,
	Pages = {21--45},
	Title = {Negative modalities, consistency and determinedness},
	Volume = {300},
	Year = {2014},
	}

@Article{Lahav2017,
author="Lahav, Ori
and Marcos, Jo{\~a}o
and Zohar, Yoni",
title="Sequent Systems for Negative Modalities",
journal="Logica Universalis",
year="2017",
month="Jul",
day="17",
doi="10.1007/s11787-017-0175-2",
}

@article{Lahav:2013:USF:2555591.2528930,
 author = {Lahav, Ori and Avron, Arnon},
 title = {A Unified Semantic Framework for Fully Structural Propositional Sequent Systems},
 journal = {ACM Trans. Comput. Logic},
 volume = {14},
 number = {4},
 year = {2013},
 pages = {27:1--27:33},
 doi = {10.1145/2528930},
 publisher = {ACM},
 address = {New York, NY, USA},
} 
