@Article{Avron2015,
  author  = {Arnon Avron and Beata Konikowska and Anna Zamansky},
  title   = {Efficient reasoning with inconsistent information using C-systems},
  journal = {Information Sciences},
  year    = {2015},
  volume  = {296},
  pages   = {219 - 236},
}

@InProceedings{AKZ12,
  author    = {Avron, Arnon and Konikowska, Beata and Zamansky, Anna},
  title     = {Modular Construction of Cut-free Sequent Calculi for Paraconsistent Logics},
  booktitle = {Logic in Computer Science (LICS), 2012 27th Annual IEEE Symposium on},
  year      = {2012},
  pages     = {85--94},
  doi       = {10.1109/LICS.2012.20},
}

@InCollection{car:jmar:Taxonomy,
  Title                    = {A taxonomy of \textbf{C}-systems},
  Author                   = {Walter A. {Carnielli} and Jo{\~a}o {Marcos}},
  Booktitle                = {{P}araconsistency: {T}he logical way to the inconsistent},
  Publisher                = {Marcel Dekker},
  Year                     = {2002},
  Editor                   = {W. A. {Carnielli} and M. E. {Coniglio} and I. M. L. {D'Ottaviano}},
  Pages                    = {1--94},
  Series                   = {Lecture Notes in Pure and Applied Mathematics},
  Volume                   = {228},
}

@InBook{Carnielli2007,
  chapter   = {Logics of Formal Inconsistency},
  pages     = {1--93},
  title     = {Handbook of Philosophical Logic},
  publisher = {Springer Netherlands},
  year      = {2007},
  author    = {Carnielli, Walter and Coniglio, Marcelo E. and Marcos, Jo{\~a}o},
  editor    = {Gabbay, D.M. and Guenthner, F.},
  address   = {Dordrecht},
  doi       = {10.1007/978-1-4020-6324-4_1},
  isbn      = {978-1-4020-6324-4},
}

@article{DC,
author = {da Costa, N. C. A.},
title = {On the theory of inconsistent formal systems},
journal = {Notre Dame Journal of Formal Logic},
volume = "15",
pages = "497--510",
year = "1974"}
