@article{agude-car:2015,
  Author  = {Juan C. Agudelo-Agudelo and Walter Carnielli},
  Journal = {Journal of Logic and Computation},
  Note    = {Advanced publication},
  url     = {https://doi.org/10.1093/logcom/exv069},
  Title   = {Polynomial ring calculus for modalities},
  Year    = {2015}
}

@article{agude-car:2011,
  Author  = {Juan C. Agudelo-Agudelo and Walter Carnielli},
  Journal = {Review of Symbolic Logic},
  Number  = {1},
  Pages   = {150-170},
  Title   = {Polynomial ring calculus for modal logics: a new semantics and proof method for modalities},
  Volume  = {4},
  Year    = {2011}
}

@Inbook{Carnielli2007,
  author    = "Carnielli, Walter",
  editor    = "Magnani, L. and Li, P.",
  title     = "Polynomizing: Logic inference in polynomial format and the legacy of {B}oole",
  bookTitle = "Model-Based Reasoning in Science, Technology, and Medicine",
  year      = "2007",
  publisher = "Springer Berlin Heidelberg",
  pages     = "349--364",
  doi       = "10.1007/978-3-540-71986-1_20",
} 

@inproceedings{car:2005,
  Author    = {Walter Carnielli},
  Booktitle = {Proceedings of the 35th International Symposium on Multiple-Valued Logic},
  Editor    = {B.~Werner},
  Pages     = {20-25},
  Publisher = {IEEE Computer Society},
  Title     = {Polynomial ring calculus for many-valued logics},
  Volume    = {7750},
  Year      = {2005}
}

@article{car-mat:2014,
  Author  = {Walter Carnielli and Mariana Matulovic},
  Journal = {Electronic Notes in Theoretical Computer Science },
  Pages   = {19-34},
  Title   = {Non-deterministic semantics in polynomial format},
  Volume  = {305},
  Year    = {2014}
}

@article{car-mat:2015,
  Author  = {Walter Carnielli and Mariana Matulovic},
  Journal = {Theoretical Computer Science},
  Pages   = {42-56},
  Title   = {The method of polynomial ring calculus and its potentialities},
  Volume  = {606},
  Year    = {2015}
}
