@ARTICLE{Robinson1965JACM,
  AUTHOR = "Robinson, John Alan",
  TITLE = "A Machine-Oriented Logic Based on the Resolution Principle",
  YEAR = "1965",
  JOURNAL = "Journal of the ACM",
  VOLUME = "12",
  NUMBER = "1",
  PAGES = "23--41",
}

@article{Snyder1989101,
title = "Higher-order unification revisited: Complete sets of transformations ",
journal = "Journal of Symbolic Computation ",
volume = "8",
number = "1 - 2",
pages = "101 - 140",
year = "1989",
note = "",
issn = "0747-7171",
author = "Wayne Snyder and Jean Gallier",
}

@Article{huet75tcs,
  author =       "G\'erard Huet",
  title =        "A Unification Algorithm for Typed $\lambda$-Calculus",
  journal =      "Theoretical Computer Science",
  volume =       "1",
  year =         "1975",
  pages =        "27--57",
}

@Article{goldfarb81tcs,
  author =       "Warren Goldfarb",
  title =        "The Undecidability of the Second-Order Unification
                 Problem",
  journal =      "Theoretical Computer Science",
  volume =       "13",
  year =         "1981",
  pages =        "225--230",
}

@Article{jensen76tcs,
  author  = "D. C. Jensen and Tomasz Pietrzykowski",
  title   = "Mechanizing $\omega$-Order Type Theory Through Unification",
  journal = "Theor. Comput. Sci.",
  volume  = "3",
  number  = "2",
  year    = "1976",
  pages   = "123--171",
}
