@book{PrincipiaMathematica,
  title     = {Principia Mathematica},
  author    = {Whitehead, Alfred N. and Russel, Bertrand A.},
  publisher = {Cambridge University Press},
  note      = {Vol. I in 1910, Vol. II in 1912, and Vol. III 1913. Second Edition from 1925 to 27},
  year      = {1910--1913}
}

@article{Church,
  author  = {Church, Alonzo},
  year    = {1976},
  title   = {Comparison of Russell's Resolution of the Semantical Antinomies with That of Tarski},
  journal = {Journal of Symbolic Logic},
  volume  = {41},
  pages   = {747--760}
}

@article{Bernays,
  author  = {Church, Alonzo},
  year    = {1926},
  title   = {Axiomatische Untersuchung des AussagenKalkuls der Principia Mathematica},
  journal = {Mathematische Zeitschrift},
  volume  = {25},
  pages   = {305-320}
}

@article{LinskySEPNotation,
  author  = {Linsky, Bernard},
  year    = {2016},
  title   = {The Notation in Principia Mathematica},
  journal = {The Stanford Encyclopedia of Philosophy},
  url     = {https://plato.stanford.edu/archives/fall2016/entries/pm-notation/}
} 

@article{LinskySEP,
  author  = {Linsky, Bernard and Irvine, Andrew David},
  year    = {2019},
  title   = {Principia Mathematica},
  journal = {The Stanford Encyclopedia of Philosophy}
} 
