
@book{NikShk2008,
  author    = {Mykola Nikitchenko and Stepan Shkilniak},
  title     = {Mathematical logic and theory of algorithms},
  publisher = {Publishing house of Taras Shevchenko National University of Kyiv},
  year      = {2008}, 
  note      = {(In Ukrainian)},
  pages     = {528}
}


@book{NikShk2013,
  author    = {Mykola Nikitchenko and Stepan Shkilniak},
  title     = {Applied Logic},
  publisher = {Publishing house of Taras Shevchenko National University of Kyiv},
  year      = {2013},
  note      = {(In Ukrainian)},
  pages     = {278}
}


@article{NikShk2017,
  author  = {Mykola Nikitchenko and Stepan Shkilniak},
  title   = {Algebras and Logics of Partial Quasiary Predicates},
  journal = {Algebra and Discrete Mathematics},
  volume  = {23},
  number  = {2},
  year    = {2017},
  pages   = {263-278}
}


@article{NikTym2012,
  author  = {Mykola Nikitchenko and Valentin Tymofieiev},
  title   = {Satisfiability in Composition-Nominative Logics},
  journal = { Central European Journal of Computer Science},
  volume  = {2},
  number  = {3},
  year    = {2012},
  pages   = {194-213}
}


@InProceedings{KNS2013,
  author    = {Andrii  Kryvolap and Mykola Nikitchenko and Wolfgang Schreiner},
  title     = {Extending Floyd-Hoare logic for partial pre- and postconditions},
  booktitle = {Information and Communication Technologies in Education, Research, 
               and Industrial Applications, 9th International Conference, ICTERI 2013, 
               Kherson, Ukraine, June 19-22, 2013, Revised Selected Papers},
  publisher = {Springer},
  series    = {Communications in Computer and Information Science},
  year      = {2013},
  volume    = 412,
  pages     = {355-378}
}

