@book{RH97,
  author    = {Rolf Hennicker},
  title     = {Structured Specifications with Behavioural Operators: Semantics, Proof Methods and Applications},
  series    = {Habilitation thesis},
  publisher = {LMU Munich},
  year      = {1997}
}

@inproceedings{Far89,
author = {Jordi Farr{\'{e}}s{-}Casals},
title = {Proving Correctness of Constructor Implementations},
booktitle = {Mathematical Foundations of Computer Science 1989, MFCS'89, Porabka-Kozubnik,
Poland, August 28 - September 1, 1989, Proceedings},
pages = {225--235},
year = {1989},
series = {Lecture Notes in Computer Science},
volume = {379},
publisher = {Springer}
}
% crossref = {DBLP:conf/mfcs/1989},
% url = {https://doi.org/10.1007/3-540-51486-4_70},
% doi = {10.1007/3-540-51486-4_70},
% timestamp = {Fri, 19 May 2017 13:10:48 +0200},
% biburl = {http://dblp.uni-trier.de/rec/bib/conf/mfcs/Farres-Casals89},
% bibsource = {dblp computer science bibliography, http://dblp.org}

@proceedings{DBLP:conf/mfcs/1989,
editor = {Antoni Kreczmar and Grazyna Mirkowska},
title = {Mathematical Foundations of Computer Science 1989, MFCS'89, Porabka-Kozubnik,
Poland, August 28 - September 1, 1989, Proceedings},
series = {Lecture Notes in Computer Science},
volume = {379},
publisher = {Springer},
year = {1989},
url = {https://doi.org/10.1007/3-540-51486-4},
doi = {10.1007/3-540-51486-4},
isbn = {3-540-51486-4},
timestamp = {Fri, 19 May 2017 13:10:48 +0200},
biburl = {http://dblp.uni-trier.de/rec/bib/conf/mfcs/1989},
bibsource = {dblp computer science bibliography, http://dblp.org}
}

@inproceedings{Wir91,
author    = {Martin Wirsing},
  title     = {Structured Specifications: Syntax, Semantics and Proof Calculus},
editors ={ Bauer F.L., Brauer W., Schwichtenberg H.},
  booktitle = {Logic and Algebra of Specification, Proceedings of the NATO Advanced Institute, 1991},
 volume ={94},
publisher = {Springer},
  year      = {1993}
}

@book{ST12,
  author    = {Donald Sannella and
               Andrzej Tarlecki},
  title     = {Foundations of Algebraic Specification and Formal Software Development},
  series    = {Monographs in Theoretical Computer Science. An {EATCS} Series},
  publisher = {Springer},
  year      = {2012}
}
%  url       = {https://doi.org/10.1007/978-3-642-17336-3},
%  doi       = {10.1007/978-3-642-17336-3},
%  isbn      = {978-3-642-17335-6},
%  timestamp = {Tue, 16 May 2017 14:01:33 +0200},
%  biburl    = {http://dblp.uni-trier.de/rec/bib/books/daglib/0028275},
%  bibsource = {dblp computer science bibliography, http://dblp.org}
