@INCOLLECTION{Haehnle90,
        AUTHOR             = {Reiner H\"{a}hnle},
        BOOKTITLE          = {Selected Papers from Computer Science Logic, {CSL}'90, Heidelberg, Germany},
        EDITOR             = {B\"{o}rger, E. and Kleine B\"{u}ning, H. and Richter, M. M. and Sch\"{o}nfeld, W.},
        PAGES              = {248--260},
        PUBLISHER          = {Springer},
        SERIES             = {LNCS},
        TITLE              = {Towards an Efficient Tableau Proof Procedure for Multiple-Valued Logics},
        VOLUME             = {533},
        YEAR               = {1991}
}

@INCOLLECTION{Haehnle01,
        AUTHOR             = {Reiner H\"ahnle},
        BOOKTITLE          = {Handbook of Philosophical Logic},
        EDITION            = {2nd},
        EDITOR             = {D. M. Gabbay and F. Guenthner},
        PUBLISHER          = {Kluwer, Dordrecht},
        TITLE              = {Advanced Many-Valued Logics},
        VOLUME             = {2},
        PAGES              = {297--395},
        YEAR               = {2001},
        month = aug
}

@InCollection{BFS01,
  author = 	 {Matthias Baaz and Christian G. Ferm\"{u}ller and Gernot Salzer},
  title = 	 "Automated Deduction for Many-Valued Logics",
  pages =        "1355--1402",
  chapter =      "20",
  volume =       {II},
  editor =	 {A. Robinson and A. Voronkov},
  booktitle = 	 {Handbook of Automated Reasoning},
  publisher = 	 {Elsevier},
  year = 	 {2001}
}

