@book{RH97,
  author    = {Rolf Hennicker},
  title     = {Structured Specifications with Behavioural Operators: Semantics, Proof Methods and Applications},
  series    = {Habilitation thesis},
  publisher = {LMU Munich},
  year      = {1997}
}

@inproceedings{SB83,
  author    = {Donald Sannella and
               Rod M. Burstall},
  title     = {Structured Theories in {LCF}},
  booktitle = {CAAP'83, Trees in Algebra and Programming, 8th Colloquium, Proc.},
  pages     = {377--391},
  year      = {1983},
  series    = {LNCS},
  volume    = {159},
  publisher = {Springer}
}
%  crossref  = {DBLP:conf/caap/1983},
%  url       = {https://doi.org/10.1007/3-540-12727-5_24},
%  doi       = {10.1007/3-540-12727-5_24},
%  biburl    = {http://dblp.uni-trier.de/rec/bib/conf/caap/SannellaB83},
%  bibsource = {dblp computer science bibliography, http://dblp.org}



@proceedings{DBLP:conf/caap/1983,
  editor    = {Giorgio Ausiello and
               Marco Protasi},
  title     = {CAAP'83, Trees in Algebra and Programming, 8th Colloquium, L'Aquila,
               Italy, March 9-11, 1983, Proceedings},
  series    = {Lecture Notes in Computer Science},
  volume    = {159},
  publisher = {Springer},
  year      = {1983},
  url       = {https://doi.org/10.1007/3-540-12727-5},
  doi       = {10.1007/3-540-12727-5},
  isbn      = {3-540-12727-5},
  timestamp = {Fri, 19 May 2017 12:26:24 +0200},
  biburl    = {http://dblp.uni-trier.de/rec/bib/conf/caap/1983},
  bibsource = {dblp computer science bibliography, http://dblp.org}
}

@article{ST88,
  author    = {Donald Sannella and
               Andrzej Tarlecki},
  title     = {Specifications in an Arbitrary Institution},
  journal   = {Information and Computation},
  volume    = {76},
  number    = {2/3},
  pages     = {165--210},
  year      = {1988}
}
%  url       = {https://doi.org/10.1016/0890-5401(88)90008-9},
%  doi       = {10.1016/0890-5401(88)90008-9},
%  timestamp = {Thu, 18 May 2017 09:54:17 +0200},
%  biburl    = {http://dblp.uni-trier.de/rec/bib/journals/iandc/SannellaT88},
%  bibsource = {dblp computer science bibliography, http://dblp.org}


@inproceedings{Wir91,
  author    = {Martin Wirsing},
  title     = {Structured Specifications: Syntax, Semantics and Proof Calculus},
  editors   = {Bauer F.L., Brauer W., Schwichtenberg H.},
  booktitle = {Logic and Algebra of Specification, NATO Advanced Institute, 1991},
  volume    = {94},
  publisher = {Springer},
  pages     = {411--442},
  year      = {1993}
}

@article{Bor02,
  author    = {Tomasz Borzyszkowski},
  title     = {Logical systems for structured specifications},
  journal   = {Theoretical Computer Science},
  volume    = {286},
  number    = {2},
  pages     = {197--245},
  year      = {2002}
}
%  url       = {https://doi.org/10.1016/S0304-3975(01)00317-6},
%  doi       = {10.1016/S0304-3975(01)00317-6},
%  timestamp = {Sun, 28 May 2017 13:20:08 +0200},
%  biburl    = {http://dblp.uni-trier.de/rec/bib/journals/tcs/Borzyszkowski02},
%  bibsource = {dblp computer science bibliography, http://dblp.org}

@book{ST12,
  author    = {Donald Sannella and
               Andrzej Tarlecki},
  title     = {Foundations of Algebraic Specification and Formal Software Development},
  series    = {Monographs in Theoretical Computer Science. An {EATCS} Series},
  publisher = {Springer},
  year      = {2012}
}
%  url       = {https://doi.org/10.1007/978-3-642-17336-3},
%  doi       = {10.1007/978-3-642-17336-3},
%  isbn      = {978-3-642-17335-6},
%  timestamp = {Tue, 16 May 2017 14:01:33 +0200},
%  biburl    = {http://dblp.uni-trier.de/rec/bib/books/daglib/0028275},
%  bibsource = {dblp computer science bibliography, http://dblp.org}

@article{ST14,
    author  = {Donald Sannella and Andrzej Tarlecki},
    title   = {Property-oriented semantics of structured specifications},
    journal = {Mathematical Structures in Computer Science},
    volume  = 24,
    number  = 2,
    year    = 2014
} 
