%% This BibTeX bibliography file was created using BibDesk.
%% http://bibdesk.sourceforge.net/

%% Created for Liron Cohen at 2017-08-03 09:44:18 -0400 


%% Saved with string encoding Unicode (UTF-8) 

@incollection{Cohen2014AL,
	Author = {Cohen, Liron},
	Booktitle = {Logic, Language, Information, and Computation},
	Editor = {Ulrich Kohlenbach et al.},
	Pages = {137-151},
	Publisher = {Springer},
	Series = {Lecture Notes in Computer Science},
	Title = {Ancestral Logic: A Proof Theoretical Study},
	Volume = {8652},
	Year = {2014}}
	
@inproceedings{Cohen17Henkin,
	Author = {Cohen, Liron},
	Booktitle = {To appear in proceedings of TABLEAUX },
	Title = {Completeness for Ancestral Logic via a Computationally-Meaningful Semantics },
	Year = {2017}}

@article{Myhill52,
	Author = {Myhill, John},
	Journal = {Journal of Symbolic Logic},
	Number = {3},
	Pages = {pp. 192-197},
	Publisher = {Association for Symbolic Logic},
	Title = {A Derivation of Number Theory from Ancestral Theory},
	Volume = {17},
	Year = {1952}}

@article{martin1943homogeneous,
	Author = {Martin, Richard Milton},
	Journal = {Journal of Symbolic Logic},
	Number = {1},
	Pages = {pp. 1-23},
	Publisher = {Association for Symbolic Logic},
	Title = {A Homogeneous System for Formal Logic},
	Volume = {8},
	Year = {1943}}

@article{martin1949note,
	Author = {Martin, Richard Milton},
	Journal = {Journal of Symbolic Logic},
	Number = {1},
	Pages = {pp. 27-31},
	Publisher = {Association for Symbolic Logic},
	Title = {A Note on Nominalism and Recursive Functions},
	Volume = {14},
	Year = {1949}}

@incollection{AvronTC03,
	Author = {Avron, Arnon},
	Booktitle = {Thirty Five Years of Automating Mathematics},
	Editor = {Kamareddine, F. D.},
	Pages = {149-171},
	Publisher = {Springer, Netherlands},
	Title = {Transitive Closure and the Mechanization of Mathematics},
	Volume = {28},
	Year = {2003}}

@article{Gentzen1935,
	Author = {Gentzen, G.},
	Doi = {10.1007/BF01201353},
	Issn = {1432-1823},
	Journal = {Mathematische Zeitschrift},
	Number = {1},
	Pages = {176--210},
	Title = {Untersuchungen {\"u}ber das logische Schlie{\ss}en. {I}},
	Url = {http://dx.doi.org/10.1007/BF01201353},
	Volume = {39},
	Year = {1935},
	Bdsk-Url-1 = {http://dx.doi.org/10.1007/BF01201353}}

@mastersthesis{Cohen10,
	Address = {Israel},
	Author = {Cohen, L.},
	School = {Tel-Aviv University},
	Title = {Ancestral Logic and Equivalent Systems},
	Year = {2010}}

@article{cohen2015middle,
	Author = {Cohen, L. and Avron, A.},
	Journal = {Synthese},
	Pages = {1--23},
	Publisher = {Springer},
	Title = {The middle ground--ancestral logic},
	Year = {2015}}
