@article{Aucher2016,
  author    = {Guillaume Aucher},
  title     = {Displaying updates in logic},
  journal   = {J. Log. Comput.},
  volume    = {26},
  number    = {6},
  pages     = {1865--1912},
  year      = {2016},
  url       = {https://doi.org/10.1093/logcom/exw001},
  doi       = {10.1093/logcom/exw001},
  timestamp = {Wed, 17 May 2017 14:25:55 +0200},
  biburl    = {http://dblp.uni-trier.de/rec/bib/journals/logcom/Aucher16},
  bibsource = {dblp computer science bibliography, http://dblp.org}
}